@inproceedings{Soundcomber,
  author = {Schlegel, R. and Zhang, K. and Zhou, X.-y. and Intwala, M. and Kapadia, A. and Wang, X.},
  year = {2011},
  month = {01},
  pages = {},
  title = {Soundcomber: A Stealthy and Context-Aware Sound Trojan for Smartphones.},
  booktitle = {Proceedings of the 18th Annual Network and Distributed System Security Symposium (NDSS)}
}

@inproceedings{DetectingMaliciousCollusion,
	author="As{\u{a}}voae, I. M.
	and Blasco, J.
	and Chen, T. M.
	and Kalutarage, H.
	and Muttik, I.
	and Nguyen, H. N.
	and Roggenbach, M.
	and Shaikh, S. A.",
	title="Detecting Malicious Collusion Between Mobile Software Applications: The Android Case",
	bookTitle="Data Analytics and Decision Support for Cybersecurity: Trends, Methodologies and Applications",
	year="2017",
	publisher="Springer International Publishing",
	pages="55--97",
	isbn="978-3-319-59439-2",
	doi="10.1007/978-3-319-59439-2_3",
	url="https://doi.org/10.1007/978-3-319-59439-2_3"
}

@inproceedings{ModelCheckingCollusion,
	author="As{\u{a}}voae, I. M.
	and Nguyen, H. N.
	and Roggenbach, M.",
	title="Software Model Checking for Mobile Security -- Collusion Detection in $\mathbb K$",
	booktitle="Model Checking Software",
	year="2018",
	publisher="Springer International Publishing",
	pages="3--25",
	isbn="978-3-319-94111-0"
}

@inproceedings{bauer2012runtime,
	title={Runtime verification meets Android security},
	author="Bauer, Andreas and K{\"u}ster, Jan-Christoph and Vegliach, Gil",
	booktitle={NASA Formal Methods Symposium},
	publisher="Springer",
	address="Berlin, Heidelberg",
	pages={174--180},
	year={2012}
}

@inproceedings{MemoryPowerConsumption,
	title={Beyond CPU: Considering memory power consumption of software},
	author={Acar, H.
	and Alptekin, G. I.
	and Gelas, J.-P.
	and Ghodous, P.},
	booktitle={2016 5th International Conference on Smart Cities and Green ICT Systems (SMARTGREENS)},
	pages={1--8},
	year={2016},
	organization={IEEE}
}

@inproceedings{PowerConsumptionInASmartphone,
	title={An analysis of power consumption in a smartphone.},
	author={Carroll, A. and Heiser, G. and et al.},
	booktitle={USENIX annual technical conference},
	volume={14},
	pages={21--21},
	year={2010},
	organization={Boston, MA}
}

@inproceedings{AttackingTheBasebandModemOfMobilePhones,
  author={Xenakis, C. and Ntantogian, C.},
  booktitle={2015 7th International Conference on Cyber Conflict: Architectures in Cyberspace}, 
  title={Attacking the baseband modem of mobile phones to breach the users' privacy and network security}, 
  year={2015},
  volume={},
  number={},
  pages={231-244},
  doi={10.1109/CYCON.2015.7158480}
}

@inproceedings{InsightsIntoRooted,
author = {Shen, Yun and Evans, Nathan and Benameur, Azzedine},
year = {2016},
month = {04},
pages = {580-587},
title = {Insights into rooted and non-rooted Android mobile devices with behavior analytics},
doi = {10.1145/2851613.2851713}
}

@book{AndroidSecurityInternals,
	title={Android security internals: An in-depth guide to Android's security architecture},
	author={Elenkov, N.},
	year={2014},
	publisher={No Starch Press}
}

@book{Pnueli,
	title={The Temporal Logic of Reactive and Concurrent Systems},
	author={Manner, Z. and Pnueli, A.},
	year={1992},
	publisher={Springer-Verlag}
}

@inbook{RV-Android,
	author = {Daian, P.
	and Falcone, Y.
	and Meredith, P.
	and Serbanuta, T.
	and Shiraishi, S.
	and Iwai, A.
	and Ro\c{s}u, G.},
	year = {2015},
	month = {01},
	pages = {342--357},
	title = {RV-Android: Efficient Parametric Android Runtime Verification, a Brief Tutorial},
	volume = {9333},
	isbn = {978-3-319-23819-7},
	doi = {10.1007/978-3-319-23820-3_24},
	publisher = {Springer}
}

@inbook{CodeCompleteKLOC,
	author = {McConnell, S.},
	year = {2004},
	pages = {521},
	title = {Code Complete, 2nd Edition},
	volume = {9333},
	isbn = {0-7356-1967-},
	publisher = {Microsoft Press}
}

@inbook{CodeCompleteMcCabe,
	author = {McConnell, S.},
	year = {2004},
	pages = {458},
	title = {Code Complete, 2nd Edition},
	volume = {9333},
	isbn = {0-7356-1967-},
	publisher = {Microsoft Press}
}

@inbook{CodeCompleteCodeReviews,
	author = {McConnell, S.},
	year = {2004},
	pages = {470},
	title = {Code Complete, 2nd Edition},
	volume = {9333},
	isbn = {0-7356-1967-},
	publisher = {Microsoft Press}
}

@techreport{RosuHavelund,
	author={Ro\c{s}u, G. and Havelund, K.},
	title={Synthesizing Dynamic Programming Algorithms from Linear Temporal Logic Formulae},
	year={2001},
	publisher={RIACS},
	institution={Research Institute for Advanced Computer Science},
	address={615 National Ave., Suite 220, Mountain View, CA 94043}
}

@article{PrologAppCollusion,
	author={Blasco, J.
	and Chen, T. M.
	and Muttik, I.
	and Roggenbach, M.},
	title = {Detection of App Collusion Potential Using Logic Programming},
	journal = {Journal of Network and Computer Applications},
	volume = {105},
	year={2017},
	month={06},
	doi = {10.1016/j.jnca.2017.12.008},
	publisher = {Elsevier BV}
}

@article{ThreatAssesmentAppCollusion,
  title={Towards a threat assessment framework for apps collusion},
  author={Kalutarage, H. and Nguyen, H. N. and Shaikh, S. A.},
  journal={Telecommunication systems},
  volume={66},
  number={3},
  pages={417--430},
  year={2017},
  publisher={Springer}
}

@article{CRYLogger,
	author = {Piccolboni, L.
	and Di Guglielmo, G.
	and Carloni, L. P.
	and Sethumadhavan, S.},
	title = {CRYLOGGER: Detecting Crypto Misuses Dynamically},
	journal = {arXiv e-prints},
	keywords = {Computer Science - Cryptography and Security, Computer Science - Software Engineering},
	year = {2020},
	month = {July},
	eid = {arXiv:2007.01061},
	pages = {arXiv:2007.01061},
	archivePrefix = {arXiv},
	eprint = {2007.01061},
	primaryClass = {cs.CR},
	url = {https://ui.adsabs.harvard.edu/abs/2020arXiv200701061P},
	note = {Visited on Provided by the SAO/NASA Astrophysics Data System}
}

@article{Predictive-RV,
	author = {Pinisetty, S.
	and JÃ©ron, T.
	and Tripaki, S.
	and Falcone, Y.
	and Marchand, H.
	and Preoteasa, V.},
	year = {2017},
	month = {06},
	title = {Predictive Runtime Verification of Timed Properties},
	volume = {132},
	journal = {Journal of Systems and Software},
	doi = {10.1016/j.jss.2017.06.060}
}

@article{AuditingAnti-MalwareTools,
	author = {Xue, Y.
	and Meng, G.
	and Liu, Y.
	and Tan, T. H.
	and Chen, H.
	and Sun, J.
	and Zhang, J.},
	year = {2017},
	month = {01},
	pages = {1--1},
	title = {Auditing Anti-Malware Tools by Evolving Android Malware and Dynamic Loading Technique},
	volume = {PP},
	journal = {IEEE Transactions on Information Forensics and Security},
	doi = {10.1109/TIFS.2017.2661723}
}

@article{AndroidFragmentation,
	author = {Kamran, M.
	and Rashid, J. and Nisar, M.},
	year = {2016},
	month = {09},
	pages = {992--999},
	title = {Android Fragmentation Classification, Causes, Problems and Solutions},
	volume = {14},
	journal = {International Journal of Computer Network and Information Security}
}

@article{Device-CentricMonitoring,
	author = {Chircop, L.
	and Colombo, C.
	and Pace, G.},
	year = {2016},
	month = {03},
	pages = {31--44},
	title = {Device-Centric Monitoring for Mobile Device Management},
	volume = {205},
	journal = {Electronic Proceedings in Theoretical Computer Science},
	doi = {10.4204/EPTCS.205.3}
}

@article{PowerConsumptionAnalysisIEEE,
	title={Power Consumption Analysis, Measurement, Management, and Issues: A State-of-the-Art Review of Smartphone Battery and Energy Usage},
	author={Pramanik, P. K. D.
	and Sinhababu, N.
	and Mukherjee, B.
	and Padmanaban, S.
	and Maity, A.
	and Upadhyaya, B. K.
	and Holm-Nielsen, J. B.
	and Choudhury, P.},
	journal={IEEE Access},
	volume={7},
	pages={182113--182172},
	year={2019},
	publisher={IEEE}
}

@article{RVForLTLAndTLTL,
	author = {Bauer, A. and Leucker, M. and Schallhart, C.},
	title = {Runtime Verification for LTL and TLTL},
	year = {2011},
	issue_date = {September 2011},
	publisher = {Association for Computing Machinery},
	address = {New York, NY, USA},
	volume = {20},
	number = {4},
	issn = {1049-331X},
	url = {https://doi.org/10.1145/2000799.2000800},
	doi = {10.1145/2000799.2000800},
	journal = {ACM Trans. Softw. Eng. Methodol.},
	month = {Sep},
	articleno = {14},
	numpages = {64},
	keywords = {Assertion checkers, monitors, runtime verification}
}

@article{AndroidMalwareDetectionUsingML,
	AUTHOR = {Senanayake, J. and Kalutarage, H. and Al-Kadri, M. O.},
	TITLE = {Android Mobile Malware Detection Using Machine Learning: A Systematic Review},
	JOURNAL = {Electronics},
	VOLUME = {10},
	YEAR = {2021},
	NUMBER = {13},
	ARTICLE-NUMBER = {1606},
	URL = {https://www.mdpi.com/2079-9292/10/13/1606},
	ISSN = {2079-9292},
	DOI = {10.3390/electronics10131606}
}

@misc{Dicker,
  author = {Dicker, C.},
  title = {Android security: delusion to collusion},
  year = 2015,
  organization={Swansea University},
  howpublished={B.Sc. thesis},
  note = {Swansea University}
}

@online{SmartphoneUsers2019,
  author = {O'Dea, S.},
  title = {Smartphone users worldwide 2016-2023},
  year = 2021,
  url={https://www.statista.com/statistics/330695/number-of-smartphone-users-worldwide/},
  note = {Visited on 2021-05-25}
}

@online{AndroidUsers2019,
  author = {Liu, Shanhong},
  title = {Global number of internet users 2012-2019, by operating system},
  year = 2021,
  url = {https://www.statista.com/statistics/543185/worldwide-internet-connected-operating-system-population/},
  note = {Visited on 2021-05-25}
}

@online{McAfeeMobileThreatReport,
  author = {Samani, Raj and et al.},
  title = {McAfee Mobile Threat Report},
  year = 2020,
  url = {https://www.mcafee.com/content/dam/consumer/en-us/docs/2020-Mobile-Threat-Report.pdf},
  note = {Visited on 2021-05-25}
}

@online{ACiDProject,
  author = {Blasco, J. and et al.},
  title = {ACiD Project},
  year = 2017,
  url = {http://acidproject.org.uk/},
  note = {Visited on 2021-06-11}
}
  
@online{GhimobMalware,
  author = {Cimpanu, Catalin},
  title = {New Ghimob malware can spy on 153 Android mobile applications},
  year = 2020,
  url = {https://www.zdnet.com/article/new-ghimob-malware-can-spy-on-153-android-mobile-applications/#ftag=CAD-03-10abf5f},
  note = {Visited on 2020-06-11}
}

@online{AlienMalware,
  author = {Cimpanu, Catalin},
  title = {New Alien malware can steal passwords from 226 Android apps},
  year = 2020,
  url = {https://www.zdnet.com/article/new-alien-malware-can-steal-passwords-from-226-android-apps/#ftag=CAD-03-10abf5f},
  note = {Visited on 2021-06-15}
}

@online{CryloggerInTheWild,
  author = {Cimpanu, Catalin},
  title = {Acamedics find crypto bugs in 306 popular Android apps, none get patched},
  year = 2020,
  url = {https://www.zdnet.com/article/academics-find-crypto-bugs-in-306-popular-android-apps-none-get-patched/#ftag=CAD-03-10abf5f},
  note = {Visited on 2021-06-15}
}

@online{BattleOfTheBugs,
  author = {OpenRefactory},
  title = {The Battle of the Bugs},
  year = {2020},
  url = {https://www.openrefactory.com/intelligent-code-repair-icr/},
  note = {Visited on 2021-06-20}
}

@online{Coralogix,
  author = {Assaraf, Ariel},
  title = {This is what your developers are doing 75 of the time [...]},
  year = {2021},
  url = {https://coralogix.com/blog/this-is-what-your-developers-are-doing-75-of-the-time-and-this-is-the-cost-you-pay/},
  note = {Visited on 2021-06-20}
}

@online{sogetilabs,
  author = {Sogeti Labs},
  title = {How Many Defects Are Too Many?},
  year = {2014},
  url = {https://labs.sogeti.com/how-many-defects-are-too-many/},
  note = {Visited on 2021-06-20}
}

@online{PegasusOnAndroid,
  author = {Lookout},
  title = {Pegasus for Android Technical Analysis and Findings of Chrysaor},
  year = {2017},
  url = {https://info.lookout.com/rs/051-ESQ-475/images/lookout-pegasus-android-technical-analysis.pdf},
  note = {Visited on 2021-07-25}
}

@online{PegasusGuardian,
  author = {Pegg, D. and Cutler, S.},
  title = {What is Pegasus spyware and how does it hack phones?},
  year = {2021},
  url = {https://www.theguardian.com/news/2021/jul/18/what-is-pegasus-spyware-and-how-does-it-hack-phones},
  note = {Visited on 2021-07-18}
}

@online{PegasusAljazeera, 
  author = {Al Jazeera World},
  title =  {The Spy in Your Phone},
  year = {2021},
  url = {https://www.youtube.com/watch?v=lfOgm1IcBd0},
  note = {Visited on 2021-07-18}
}

@online{JavaPathfinder, 
  author = {NASA},
  title =  {Java PathFinder},
  year = {2005},
  url = {https://ti.arc.nasa.gov/tech/rse/vandv/jpf/},
  note = {Visited on 2021-07-28}
}

@online{rovo89, 
  author = {rovo89},
  title =  {Xposed Framework},
  year = {2018},
  url = {https://www.xda-developers.com/xposed-framework-hub/},
  note = {Visited on 2021-03-15}
}

@online{KaperskyRootedDevices, 
  author = {Unuchek, Roman},
  title =  {Rooting your Android: Advantages, disadvantages, and snags},
  year = {2017},
  url = {https://www.kaspersky.co.uk/blog/android-root-faq/10612/},
  note = {Visited on 2021-08-16}
}

@online{AHRootedDevices, 
  author = {Lucic, Kristijan},
  title =  {Over 27.44 Percent Users Root Their Phone [...]},
  year = {2014},
  url = {https://www.androidheadlines.com/2014/11/50-users-root-phones-order-remove-built-apps-one.html},
  note = {Visited on 2021-08-16}
}

@online{CIWRootedDevices, 
  author = {China Internet Watch},
  title =  {80\% China's Mobile Users Rooted Smartphones in 2014},
  year = {2015},
  url = {https://www.chinainternetwatch.com/12926/80-china-smartphone-users-rooted/},
  note = {Visited on 2021-08-16}
}


