@article{PrologAppCollusion,
author = {Blasco, Jorge and Chen, Thomas and Muttik, Igor and Roggenbach, Markus},
year = {2017},
month = {06},
pages = {},
title = {Detection of App Collusion Potential Using Logic Programming},
volume = {105},
journal = {Journal of Network and Computer Applications},
doi = {10.1016/j.jnca.2017.12.008}
}

@inbook{ModelCheckingCollusion,
author = {Asăvoae, Irina and Nguyen, Nga and Roggenbach, Markus},
year = {2018},
month = {06},
pages = {3-25},
title = {Software Model Checking for Mobile Security – Collusion Detection in $$\mathbb {K}$$K},
isbn = {978-3-319-94110-3},
doi = {10.1007/978-3-319-94111-0_1}
}

@inproceedings{bauer2012runtime,
  title={Runtime verification meets Android security},
  author={Bauer, Andreas and K{\"u}ster, Jan-Christoph and Vegliach, Gil},
  booktitle={NASA Formal Methods Symposium},
  pages={174--180},
  year={2012},
  organization={Springer}
}

@article{PredictiveRV,
author = {Pinisetty, Srinivas and Jéron, Thierry and Tripakis, Stavros and Falcone, Yliès and Marchand, Hervé and Preoteasa, Viorel},
year = {2017},
month = {06},
pages = {},
title = {Predictive Runtime Verification of Timed Properties},
volume = {132},
journal = {Journal of Systems and Software},
doi = {10.1016/j.jss.2017.06.060}
}
